@article{Booker2019Cracking33,
    title = {{Cracking the problem with 33}},
    year = {2019},
    journal = {Research in Number Theory},
    author = {Booker, Andrew R.},
    number = {3},
    month = {9},
    pages = {26},
    volume = {5},
    doi = {10.1007/s40993-019-0162-1},
    issn = {2522-0160}
}